@book{russell2003artificial,
  title={Artificial intelligence: a modern approach},
  author={Russell, Stuart Jonathan and Norvig, Peter and Canny, John F and Malik, Jitendra M and Edwards, Douglas D},
  volume={2},
  year={2003},
  publisher={Prentice hall Upper Saddle River}
}
@inproceedings{denero2010teaching,
  title={Teaching introductory artificial intelligence with pac-man},
  author={DeNero, John and Klein, Dan},
  booktitle={Proceedings of the Symposium on Educational Advances in Artificial Intelligence},
  year={2010}
}
@manual{PacMan2015,
title       = "The Pac-Man Projects",
author     = "John DeNero and Dan Klein",
organization   = "University of California Berkeley, CS188 Intro to AI",
address    = "",
url		= "http://ai.berkeley.edu/project_overview.html",
edition    = "",
year        = "2016",
month      = "November",
note       = "",
}